%YAML 1.1
%TAG !u! tag:unity3d.com,2011:
--- !u!208 &693561161468564892
NavMeshObstacle:
  m_ObjectHideFlags: 0
  m_CorrespondingSourceObject: {fileID: 0}
  m_PrefabInstance: {fileID: 0}
  m_PrefabAsset: {fileID: 0}
  m_GameObject: {fileID: 1287397486094517245}
  m_Enabled: 1
  serializedVersion: 3
  m_Shape: 1
  m_Extents: {x: 1.045, y: 1.04, z: 1}
  m_MoveThreshold: 0.1
  m_Carve: 1
  m_CarveOnlyStationary: 1
  m_Center: {x: 0, y: 0, z: 0}
  m_TimeToStationary: 0.5
--- !u!1 &1599150358541698799
GameObject:
  m_ObjectHideFlags: 0
  m_CorrespondingSourceObject: {fileID: 0}
  m_PrefabInstance: {fileID: 0}
  m_PrefabAsset: {fileID: 0}
  serializedVersion: 6
  m_Component:
  - component: {fileID: 27527847326412819}
  m_Layer: 0
  m_Name: Chair1
  m_TagString: Untagged
  m_Icon: {fileID: 0}
  m_NavMeshLayer: 0
  m_StaticEditorFlags: 0
  m_IsActive: 1
--- !u!4 &27527847326412819
Transform:
  m_ObjectHideFlags: 0
  m_CorrespondingSourceObject: {fileID: 0}
  m_PrefabInstance: {fileID: 0}
  m_PrefabAsset: {fileID: 0}
  m_GameObject: {fileID: 1599150358541698799}
  m_LocalRotation: {x: 0, y: -0.7071068, z: 0, w: 0.7071068}
  m_LocalPosition: {x: 3.56, y: 0.73364455, z: 1.3657137}
  m_LocalScale: {x: 1, y: 1, z: 1}
  m_Children: []
  m_Father: {fileID: 2233368902344824976}
  m_RootOrder: 0
  m_LocalEulerAnglesHint: {x: 0, y: -90, z: 0}
--- !u!1 &2215668751419504662
GameObject:
  m_ObjectHideFlags: 0
  m_CorrespondingSourceObject: {fileID: 0}
  m_PrefabInstance: {fileID: 0}
  m_PrefabAsset: {fileID: 0}
  serializedVersion: 6
  m_Component:
  - component: {fileID: 6086797898817450660}
  m_Layer: 0
  m_Name: Chair2
  m_TagString: Untagged
  m_Icon: {fileID: 0}
  m_NavMeshLayer: 0
  m_StaticEditorFlags: 0
  m_IsActive: 1
--- !u!4 &6086797898817450660
Transform:
  m_ObjectHideFlags: 0
  m_CorrespondingSourceObject: {fileID: 0}
  m_PrefabInstance: {fileID: 0}
  m_PrefabAsset: {fileID: 0}
  m_GameObject: {fileID: 2215668751419504662}
  m_LocalRotation: {x: 0, y: 0.7071068, z: 0, w: 0.7071068}
  m_LocalPosition: {x: -3.78, y: 0.73364455, z: 1.3657137}
  m_LocalScale: {x: 1, y: 1, z: 1}
  m_Children: []
  m_Father: {fileID: 2233368902344824976}
  m_RootOrder: 1
  m_LocalEulerAnglesHint: {x: 0, y: 90, z: 0}
--- !u!1 &5139870460500851255
GameObject:
  m_ObjectHideFlags: 0
  m_CorrespondingSourceObject: {fileID: 0}
  m_PrefabInstance: {fileID: 0}
  m_PrefabAsset: {fileID: 0}
  serializedVersion: 6
  m_Component:
  - component: {fileID: 5485292395301789837}
  - component: {fileID: 4876936571998264453}
  m_Layer: 0
  m_Name: Table
  m_TagString: Untagged
  m_Icon: {fileID: 0}
  m_NavMeshLayer: 0
  m_StaticEditorFlags: 0
  m_IsActive: 1
--- !u!4 &5485292395301789837
Transform:
  m_ObjectHideFlags: 0
  m_CorrespondingSourceObject: {fileID: 0}
  m_PrefabInstance: {fileID: 0}
  m_PrefabAsset: {fileID: 0}
  m_GameObject: {fileID: 5139870460500851255}
  m_LocalRotation: {x: -0, y: -0, z: -0, w: 1}
  m_LocalPosition: {x: 10.148319, y: 15.479506, z: 23.84951}
  m_LocalScale: {x: 1, y: 1, z: 1}
  m_Children:
  - {fileID: 7533195467568147359}
  - {fileID: 8554777763437004568}
  - {fileID: 2233368902344824976}
  m_Father: {fileID: 0}
  m_RootOrder: 0
  m_LocalEulerAnglesHint: {x: 0, y: 0, z: 0}
--- !u!114 &4876936571998264453
MonoBehaviour:
  m_ObjectHideFlags: 0
  m_CorrespondingSourceObject: {fileID: 0}
  m_PrefabInstance: {fileID: 0}
  m_PrefabAsset: {fileID: 0}
  m_GameObject: {fileID: 5139870460500851255}
  m_Enabled: 1
  m_EditorHideFlags: 0
  m_Script: {fileID: 11500000, guid: a8b060624a072854492984b4c56d63b7, type: 3}
  m_Name: 
  m_EditorClassIdentifier: 
  isTaken: 0
  tableLight: {fileID: 5876204707487008370}
  seats:
  - {fileID: 1599150358541698799}
  - {fileID: 2215668751419504662}
  - {fileID: 7209680568799022362}
  - {fileID: 7641658040004779091}
--- !u!1 &7128016268324908272
GameObject:
  m_ObjectHideFlags: 0
  m_CorrespondingSourceObject: {fileID: 0}
  m_PrefabInstance: {fileID: 0}
  m_PrefabAsset: {fileID: 0}
  serializedVersion: 6
  m_Component:
  - component: {fileID: 2233368902344824976}
  m_Layer: 0
  m_Name: Seats
  m_TagString: Untagged
  m_Icon: {fileID: 0}
  m_NavMeshLayer: 0
  m_StaticEditorFlags: 0
  m_IsActive: 1
--- !u!4 &2233368902344824976
Transform:
  m_ObjectHideFlags: 0
  m_CorrespondingSourceObject: {fileID: 0}
  m_PrefabInstance: {fileID: 0}
  m_PrefabAsset: {fileID: 0}
  m_GameObject: {fileID: 7128016268324908272}
  m_LocalRotation: {x: 0, y: 0, z: 0, w: 1}
  m_LocalPosition: {x: 0, y: 0, z: 0}
  m_LocalScale: {x: 1, y: 1, z: 1}
  m_Children:
  - {fileID: 27527847326412819}
  - {fileID: 6086797898817450660}
  - {fileID: 279885520101375057}
  - {fileID: 2567779817308664356}
  m_Father: {fileID: 5485292395301789837}
  m_RootOrder: 2
  m_LocalEulerAnglesHint: {x: 0, y: 0, z: 0}
--- !u!1 &7209680568799022362
GameObject:
  m_ObjectHideFlags: 0
  m_CorrespondingSourceObject: {fileID: 0}
  m_PrefabInstance: {fileID: 0}
  m_PrefabAsset: {fileID: 0}
  serializedVersion: 6
  m_Component:
  - component: {fileID: 279885520101375057}
  m_Layer: 0
  m_Name: Chair3
  m_TagString: Untagged
  m_Icon: {fileID: 0}
  m_NavMeshLayer: 0
  m_StaticEditorFlags: 0
  m_IsActive: 1
--- !u!4 &279885520101375057
Transform:
  m_ObjectHideFlags: 0
  m_CorrespondingSourceObject: {fileID: 0}
  m_PrefabInstance: {fileID: 0}
  m_PrefabAsset: {fileID: 0}
  m_GameObject: {fileID: 7209680568799022362}
  m_LocalRotation: {x: 0, y: -0.7071068, z: 0, w: 0.7071068}
  m_LocalPosition: {x: 3.56, y: 0.73364455, z: -1.3657136}
  m_LocalScale: {x: 1, y: 1, z: 1}
  m_Children: []
  m_Father: {fileID: 2233368902344824976}
  m_RootOrder: 2
  m_LocalEulerAnglesHint: {x: 0, y: -90, z: 0}
--- !u!1 &7641658040004779091
GameObject:
  m_ObjectHideFlags: 0
  m_CorrespondingSourceObject: {fileID: 0}
  m_PrefabInstance: {fileID: 0}
  m_PrefabAsset: {fileID: 0}
  serializedVersion: 6
  m_Component:
  - component: {fileID: 2567779817308664356}
  m_Layer: 0
  m_Name: Chair4
  m_TagString: Untagged
  m_Icon: {fileID: 0}
  m_NavMeshLayer: 0
  m_StaticEditorFlags: 0
  m_IsActive: 1
--- !u!4 &2567779817308664356
Transform:
  m_ObjectHideFlags: 0
  m_CorrespondingSourceObject: {fileID: 0}
  m_PrefabInstance: {fileID: 0}
  m_PrefabAsset: {fileID: 0}
  m_GameObject: {fileID: 7641658040004779091}
  m_LocalRotation: {x: 0, y: 0.7071068, z: 0, w: 0.7071068}
  m_LocalPosition: {x: -3.7799997, y: 0.7336445, z: -1.3657136}
  m_LocalScale: {x: 1, y: 1, z: 1}
  m_Children: []
  m_Father: {fileID: 2233368902344824976}
  m_RootOrder: 3
  m_LocalEulerAnglesHint: {x: 0, y: 90, z: 0}
--- !u!1 &7734968284265284691
GameObject:
  m_ObjectHideFlags: 0
  m_CorrespondingSourceObject: {fileID: 0}
  m_PrefabInstance: {fileID: 0}
  m_PrefabAsset: {fileID: 0}
  serializedVersion: 6
  m_Component:
  - component: {fileID: 7533195467568147359}
  - component: {fileID: 5876204707487008370}
  m_Layer: 0
  m_Name: Spot Light
  m_TagString: Untagged
  m_Icon: {fileID: 0}
  m_NavMeshLayer: 0
  m_StaticEditorFlags: 0
  m_IsActive: 1
--- !u!4 &7533195467568147359
Transform:
  m_ObjectHideFlags: 0
  m_CorrespondingSourceObject: {fileID: 0}
  m_PrefabInstance: {fileID: 0}
  m_PrefabAsset: {fileID: 0}
  m_GameObject: {fileID: 7734968284265284691}
  m_LocalRotation: {x: 0.7071068, y: 0, z: 0, w: 0.7071068}
  m_LocalPosition: {x: 0, y: 7.13, z: 0}
  m_LocalScale: {x: 1, y: 1, z: 1}
  m_Children: []
  m_Father: {fileID: 5485292395301789837}
  m_RootOrder: 0
  m_LocalEulerAnglesHint: {x: 90, y: 0, z: 0}
--- !u!108 &5876204707487008370
Light:
  m_ObjectHideFlags: 0
  m_CorrespondingSourceObject: {fileID: 0}
  m_PrefabInstance: {fileID: 0}
  m_PrefabAsset: {fileID: 0}
  m_GameObject: {fileID: 7734968284265284691}
  m_Enabled: 1
  serializedVersion: 10
  m_Type: 0
  m_Shape: 0
  m_Color: {r: 1, g: 0.8017975, b: 0.5613208, a: 1}
  m_Intensity: 2.4
  m_Range: 10
  m_SpotAngle: 61
  m_InnerSpotAngle: 1
  m_CookieSize: 10
  m_Shadows:
    m_Type: 0
    m_Resolution: -1
    m_CustomResolution: -1
    m_Strength: 1
    m_Bias: 0.05
    m_NormalBias: 0.4
    m_NearPlane: 0.2
    m_CullingMatrixOverride:
      e00: 1
      e01: 0
      e02: 0
      e03: 0
      e10: 0
      e11: 1
      e12: 0
      e13: 0
      e20: 0
      e21: 0
      e22: 1
      e23: 0
      e30: 0
      e31: 0
      e32: 0
      e33: 1
    m_UseCullingMatrixOverride: 0
  m_Cookie: {fileID: 0}
  m_DrawHalo: 0
  m_Flare: {fileID: 0}
  m_RenderMode: 0
  m_CullingMask:
    serializedVersion: 2
    m_Bits: 4294967295
  m_RenderingLayerMask: 1
  m_Lightmapping: 4
  m_LightShadowCasterMode: 0
  m_AreaSize: {x: 1, y: 1}
  m_BounceIntensity: 1
  m_ColorTemperature: 6570
  m_UseColorTemperature: 0
  m_BoundingSphereOverride: {x: 0, y: 0, z: 0, w: 0}
  m_UseBoundingSphereOverride: 0
  m_ShadowRadius: 0
  m_ShadowAngle: 0
--- !u!1001 &8156604352911352051
PrefabInstance:
  m_ObjectHideFlags: 0
  serializedVersion: 2
  m_Modification:
    m_TransformParent: {fileID: 5485292395301789837}
    m_Modifications:
    - target: {fileID: -8825664329444093204, guid: 4a7d2499cec18094bb5e4a4a0d67e21f, type: 3}
      propertyPath: m_StaticEditorFlags
      value: 0
      objectReference: {fileID: 0}
    - target: {fileID: -8825664329444093204, guid: 4a7d2499cec18094bb5e4a4a0d67e21f, type: 3}
      propertyPath: m_NavMeshLayer
      value: 0
      objectReference: {fileID: 0}
    - target: {fileID: -8825664329444093204, guid: 4a7d2499cec18094bb5e4a4a0d67e21f, type: 3}
      propertyPath: m_Name
      value: ModelChair3
      objectReference: {fileID: 0}
    - target: {fileID: -8738915437010411956, guid: 4a7d2499cec18094bb5e4a4a0d67e21f, type: 3}
      propertyPath: m_Materials.Array.data[1]
      value: 
      objectReference: {fileID: 2100000, guid: 7f49ca785d0a9b94e82cbf4d3494973c, type: 2}
    - target: {fileID: -8738915437010411956, guid: 4a7d2499cec18094bb5e4a4a0d67e21f, type: 3}
      propertyPath: m_Materials.Array.data[0]
      value: 
      objectReference: {fileID: 2100000, guid: 048c694e805d49a4ca724dbd463e0a99, type: 2}
    - target: {fileID: -8679921383154817045, guid: 4a7d2499cec18094bb5e4a4a0d67e21f, type: 3}
      propertyPath: m_LocalPosition.x
      value: 0
      objectReference: {fileID: 0}
    - target: {fileID: -8679921383154817045, guid: 4a7d2499cec18094bb5e4a4a0d67e21f, type: 3}
      propertyPath: m_LocalPosition.y
      value: 0
      objectReference: {fileID: 0}
    - target: {fileID: -8679921383154817045, guid: 4a7d2499cec18094bb5e4a4a0d67e21f, type: 3}
      propertyPath: m_LocalPosition.z
      value: 0
      objectReference: {fileID: 0}
    - target: {fileID: -8679921383154817045, guid: 4a7d2499cec18094bb5e4a4a0d67e21f, type: 3}
      propertyPath: m_LocalRotation.x
      value: 0
      objectReference: {fileID: 0}
    - target: {fileID: -8679921383154817045, guid: 4a7d2499cec18094bb5e4a4a0d67e21f, type: 3}
      propertyPath: m_LocalRotation.y
      value: 0
      objectReference: {fileID: 0}
    - target: {fileID: -8679921383154817045, guid: 4a7d2499cec18094bb5e4a4a0d67e21f, type: 3}
      propertyPath: m_LocalRotation.z
      value: 0
      objectReference: {fileID: 0}
    - target: {fileID: -8679921383154817045, guid: 4a7d2499cec18094bb5e4a4a0d67e21f, type: 3}
      propertyPath: m_LocalRotation.w
      value: 1
      objectReference: {fileID: 0}
    - target: {fileID: -8679921383154817045, guid: 4a7d2499cec18094bb5e4a4a0d67e21f, type: 3}
      propertyPath: m_RootOrder
      value: 1
      objectReference: {fileID: 0}
    - target: {fileID: -8679921383154817045, guid: 4a7d2499cec18094bb5e4a4a0d67e21f, type: 3}
      propertyPath: m_LocalEulerAnglesHint.x
      value: 0
      objectReference: {fileID: 0}
    - target: {fileID: -8679921383154817045, guid: 4a7d2499cec18094bb5e4a4a0d67e21f, type: 3}
      propertyPath: m_LocalEulerAnglesHint.y
      value: 0
      objectReference: {fileID: 0}
    - target: {fileID: -8679921383154817045, guid: 4a7d2499cec18094bb5e4a4a0d67e21f, type: 3}
      propertyPath: m_LocalEulerAnglesHint.z
      value: 0
      objectReference: {fileID: 0}
    - target: {fileID: -5969806623813560947, guid: 4a7d2499cec18094bb5e4a4a0d67e21f, type: 3}
      propertyPath: m_Materials.Array.data[1]
      value: 
      objectReference: {fileID: 2100000, guid: 7f49ca785d0a9b94e82cbf4d3494973c, type: 2}
    - target: {fileID: -5969806623813560947, guid: 4a7d2499cec18094bb5e4a4a0d67e21f, type: 3}
      propertyPath: m_Materials.Array.data[0]
      value: 
      objectReference: {fileID: 2100000, guid: 048c694e805d49a4ca724dbd463e0a99, type: 2}
    - target: {fileID: -4934307317526040381, guid: 4a7d2499cec18094bb5e4a4a0d67e21f, type: 3}
      propertyPath: m_StaticEditorFlags
      value: 0
      objectReference: {fileID: 0}
    - target: {fileID: -4934307317526040381, guid: 4a7d2499cec18094bb5e4a4a0d67e21f, type: 3}
      propertyPath: m_NavMeshLayer
      value: 0
      objectReference: {fileID: 0}
    - target: {fileID: -4934307317526040381, guid: 4a7d2499cec18094bb5e4a4a0d67e21f, type: 3}
      propertyPath: m_Name
      value: ModelChair4
      objectReference: {fileID: 0}
    - target: {fileID: -3874125573040063744, guid: 4a7d2499cec18094bb5e4a4a0d67e21f, type: 3}
      propertyPath: m_Materials.Array.data[0]
      value: 
      objectReference: {fileID: 2100000, guid: 048c694e805d49a4ca724dbd463e0a99, type: 2}
    - target: {fileID: -3455726563456135811, guid: 4a7d2499cec18094bb5e4a4a0d67e21f, type: 3}
      propertyPath: m_Materials.Array.data[0]
      value: 
      objectReference: {fileID: 2100000, guid: 048c694e805d49a4ca724dbd463e0a99, type: 2}
    - target: {fileID: -2340002639869066629, guid: 4a7d2499cec18094bb5e4a4a0d67e21f, type: 3}
      propertyPath: m_Materials.Array.data[1]
      value: 
      objectReference: {fileID: 2100000, guid: 7f49ca785d0a9b94e82cbf4d3494973c, type: 2}
    - target: {fileID: -2340002639869066629, guid: 4a7d2499cec18094bb5e4a4a0d67e21f, type: 3}
      propertyPath: m_Materials.Array.data[0]
      value: 
      objectReference: {fileID: 2100000, guid: 048c694e805d49a4ca724dbd463e0a99, type: 2}
    - target: {fileID: -2238336015304842482, guid: 4a7d2499cec18094bb5e4a4a0d67e21f, type: 3}
      propertyPath: m_StaticEditorFlags
      value: 8
      objectReference: {fileID: 0}
    - target: {fileID: -2238336015304842482, guid: 4a7d2499cec18094bb5e4a4a0d67e21f, type: 3}
      propertyPath: m_NavMeshLayer
      value: 1
      objectReference: {fileID: 0}
    - target: {fileID: -2026030285993248054, guid: 4a7d2499cec18094bb5e4a4a0d67e21f, type: 3}
      propertyPath: m_StaticEditorFlags
      value: 8
      objectReference: {fileID: 0}
    - target: {fileID: -2026030285993248054, guid: 4a7d2499cec18094bb5e4a4a0d67e21f, type: 3}
      propertyPath: m_NavMeshLayer
      value: 0
      objectReference: {fileID: 0}
    - target: {fileID: -943711563823048917, guid: 4a7d2499cec18094bb5e4a4a0d67e21f, type: 3}
      propertyPath: m_Materials.Array.data[1]
      value: 
      objectReference: {fileID: 2100000, guid: 7f49ca785d0a9b94e82cbf4d3494973c, type: 2}
    - target: {fileID: -943711563823048917, guid: 4a7d2499cec18094bb5e4a4a0d67e21f, type: 3}
      propertyPath: m_Materials.Array.data[0]
      value: 
      objectReference: {fileID: 2100000, guid: 048c694e805d49a4ca724dbd463e0a99, type: 2}
    - target: {fileID: -465238520374950375, guid: 4a7d2499cec18094bb5e4a4a0d67e21f, type: 3}
      propertyPath: m_StaticEditorFlags
      value: 8
      objectReference: {fileID: 0}
    - target: {fileID: -465238520374950375, guid: 4a7d2499cec18094bb5e4a4a0d67e21f, type: 3}
      propertyPath: m_NavMeshLayer
      value: 1
      objectReference: {fileID: 0}
    - target: {fileID: -202496028187547446, guid: 4a7d2499cec18094bb5e4a4a0d67e21f, type: 3}
      propertyPath: m_Materials.Array.data[1]
      value: 
      objectReference: {fileID: 2100000, guid: 7f49ca785d0a9b94e82cbf4d3494973c, type: 2}
    - target: {fileID: -202496028187547446, guid: 4a7d2499cec18094bb5e4a4a0d67e21f, type: 3}
      propertyPath: m_Materials.Array.data[0]
      value: 
      objectReference: {fileID: 2100000, guid: 048c694e805d49a4ca724dbd463e0a99, type: 2}
    - target: {fileID: 919132149155446097, guid: 4a7d2499cec18094bb5e4a4a0d67e21f, type: 3}
      propertyPath: m_Name
      value: Models
      objectReference: {fileID: 0}
    - target: {fileID: 919132149155446097, guid: 4a7d2499cec18094bb5e4a4a0d67e21f, type: 3}
      propertyPath: m_StaticEditorFlags
      value: 0
      objectReference: {fileID: 0}
    - target: {fileID: 919132149155446097, guid: 4a7d2499cec18094bb5e4a4a0d67e21f, type: 3}
      propertyPath: m_NavMeshLayer
      value: 0
      objectReference: {fileID: 0}
    - target: {fileID: 2343651121645041243, guid: 4a7d2499cec18094bb5e4a4a0d67e21f, type: 3}
      propertyPath: m_StaticEditorFlags
      value: 0
      objectReference: {fileID: 0}
    - target: {fileID: 2343651121645041243, guid: 4a7d2499cec18094bb5e4a4a0d67e21f, type: 3}
      propertyPath: m_NavMeshLayer
      value: 0
      objectReference: {fileID: 0}
    - target: {fileID: 2343651121645041243, guid: 4a7d2499cec18094bb5e4a4a0d67e21f, type: 3}
      propertyPath: m_Name
      value: ModelChair2
      objectReference: {fileID: 0}
    - target: {fileID: 2448352507950149205, guid: 4a7d2499cec18094bb5e4a4a0d67e21f, type: 3}
      propertyPath: m_StaticEditorFlags
      value: 8
      objectReference: {fileID: 0}
    - target: {fileID: 2448352507950149205, guid: 4a7d2499cec18094bb5e4a4a0d67e21f, type: 3}
      propertyPath: m_NavMeshLayer
      value: 0
      objectReference: {fileID: 0}
    - target: {fileID: 2597165376720051371, guid: 4a7d2499cec18094bb5e4a4a0d67e21f, type: 3}
      propertyPath: m_StaticEditorFlags
      value: 0
      objectReference: {fileID: 0}
    - target: {fileID: 2597165376720051371, guid: 4a7d2499cec18094bb5e4a4a0d67e21f, type: 3}
      propertyPath: m_NavMeshLayer
      value: 0
      objectReference: {fileID: 0}
    - target: {fileID: 2597165376720051371, guid: 4a7d2499cec18094bb5e4a4a0d67e21f, type: 3}
      propertyPath: m_Name
      value: ModelChair1
      objectReference: {fileID: 0}
    - target: {fileID: 7455901584754164070, guid: 4a7d2499cec18094bb5e4a4a0d67e21f, type: 3}
      propertyPath: m_Materials.Array.data[1]
      value: 
      objectReference: {fileID: 2100000, guid: 7f49ca785d0a9b94e82cbf4d3494973c, type: 2}
    - target: {fileID: 7455901584754164070, guid: 4a7d2499cec18094bb5e4a4a0d67e21f, type: 3}
      propertyPath: m_Materials.Array.data[0]
      value: 
      objectReference: {fileID: 2100000, guid: 048c694e805d49a4ca724dbd463e0a99, type: 2}
    m_RemovedComponents: []
  m_SourcePrefab: {fileID: 100100000, guid: 4a7d2499cec18094bb5e4a4a0d67e21f, type: 3}
--- !u!4 &8554777763437004568 stripped
Transform:
  m_CorrespondingSourceObject: {fileID: -8679921383154817045, guid: 4a7d2499cec18094bb5e4a4a0d67e21f, type: 3}
  m_PrefabInstance: {fileID: 8156604352911352051}
  m_PrefabAsset: {fileID: 0}
--- !u!1 &1287397486094517245 stripped
GameObject:
  m_CorrespondingSourceObject: {fileID: -2238336015304842482, guid: 4a7d2499cec18094bb5e4a4a0d67e21f, type: 3}
  m_PrefabInstance: {fileID: 8156604352911352051}
  m_PrefabAsset: {fileID: 0}
